@misc{ protocol,
  author = "GNU",
  title = "XBoard protocol definition",
  year = "2014",
  howpublished = "\url{http://www.gnu.org/software/xboard/engine-intf.html}",
}

@book{ norvig-russell,
 author = {Russell, Stuart J. and Norvig, Peter},
 title = {Artificial Intelligence: A Modern Approach},
 year = {2003},
 isbn = {0137903952},
 edition = {2},
 publisher = {Pearson Education},
}

@misc{ wiki:zobrist,
  author = "Wikipedia",
  title = "Zobrist hashing",
  year = "2014",
  howpublished = "\url{http://en.wikipedia.org/w/index.php?title=Zobrist_hashing}",
}

@misc{ wiki:elo,
  author = "Wikipedia",
  title = "ELO Rating System",
  year = "2014",
  howpublished = "\url{http://en.wikipedia.org/wiki/Elo_rating_system}",
}

@misc{ piece-square-table,
  author = "chessprogramming.com",
  title = "Piece Square Tables",
  year = "2014",
  howpublished = "\url{http://chessprogramming.wikispaces.com/Piece-Square+Tables}",
}

@misc { tscp,
  author = "Tom Kerrigan",
  title = "Tom's simple chess engine",
  howpublished = "\url{http://www.tckerrigan.com/chess/tscp}",
}

@misc { parallel-ab,
  author = "chessprogramming.com",
  title = "Parallel Alpha-Beta",
  year = "2014",
  howpublished = "\url{http://chessprogramming.wikispaces.com/Parallel+Search#Parallel\%20Alpha-Beta}",
}

@misc { crafty,
  title = "Crafty chess engine",
  howpublished = "\url{http://www.craftychess.com/}",
}

@misc { fairymax,
  title = "Fairymax chess engine",
  howpublished = "\url{http://home.hccnet.nl/h.g.muller/CVfairy.html}",
}

@misc { crafty-threads,
  author = "Andreas Strangm√ºller",
  title = "Threads test incl. Crafty 24.1",
  howpublished = "\url{http://www.talkchess.com/forum/viewtopic.php?t=54059}",
}

@misc { pondering,
  author = "chessprogramming.com",
  title = "Pondering",
  year = "2014",
  howpublished = "\url{http://chessprogramming.wikispaces.com/Pondering}",
}

@misc{ wiki:pondering,
  author = "Wikipedia",
  title = "Permanent Brain",
  year = "2014",
  howpublished = "\url{http://en.wikipedia.org/wiki/Permanent_brain}",
}
